<record><leader>02390cam a2200553 i 4500</leader><controlfield tag="001">6803035</controlfield><controlfield tag="003">OCoLC</controlfield><controlfield tag="005">20150120132229.0</controlfield><controlfield tag="008">140522t20152015onca     b    001 0 eng  </controlfield><datafield ind1=" " ind2=" " tag="016"><subfield code="a">20149023057</subfield></datafield><datafield ind1=" " ind2=" " tag="020"><subfield code="a">9781442609761 (bound)</subfield></datafield><datafield ind1=" " ind2=" " tag="020"><subfield code="a">1442609761 (bound)</subfield></datafield><datafield ind1=" " ind2=" " tag="020"><subfield code="a">9781442609754 (pbk.)</subfield></datafield><datafield ind1=" " ind2=" " tag="020"><subfield code="a">1442609753 (pbk.)</subfield></datafield><datafield ind1=" " ind2=" " tag="020"><subfield code="z">9781442609778 (PDF)</subfield></datafield><datafield ind1=" " ind2=" " tag="020"><subfield code="z">9781442609785 (ePub)</subfield></datafield><datafield ind1=" " ind2=" " tag="035"><subfield code="a">ocn902618114</subfield></datafield><datafield ind1=" " ind2=" " tag="040"><subfield code="a">NLC</subfield><subfield code="b">eng</subfield><subfield code="e">rda</subfield><subfield code="c">NLC</subfield><subfield code="d">OCLCO</subfield><subfield code="d">BDX</subfield><subfield code="d">CNSLL</subfield><subfield code="d">UAB</subfield><subfield code="d">AEU</subfield></datafield><datafield ind1=" " ind2=" " tag="043"><subfield code="a">n-cn---</subfield></datafield><datafield ind1=" " ind2="4" tag="050"><subfield code="a">RA410.55.C2</subfield><subfield code="b">B46 2015</subfield></datafield><datafield ind1=" " ind2="4" tag="055"><subfield code="a">RA410.55 C35</subfield><subfield code="b">B48 2015</subfield></datafield><datafield ind1="0" ind2="4" tag="082"><subfield code="a">362.1068/10971</subfield><subfield code="2">23</subfield></datafield><datafield ind1=" " ind2=" " tag="090"><subfield code="a">RA 410.55 C2 B46 2015</subfield><subfield code="b">ARDC</subfield></datafield><datafield ind1=" " ind2=" " tag="090"><subfield code="a">RA 410.55 C35 B46 2015</subfield><subfield code="b">AGPC</subfield></datafield><datafield ind1=" " ind2=" " tag="090"><subfield code="a">RA 410.55 C2 B46 2015</subfield><subfield code="b">AEU</subfield></datafield><datafield ind1="0" ind2="0" tag="245"><subfield code="a">Bending the cost curve in health care /</subfield><subfield code="c">edited by Gregory P. Marchildon and Livio Di Matteo.</subfield></datafield><datafield ind1="3" ind2="0" tag="246"><subfield code="i">Subtitle on cover :</subfield><subfield code="a">Canada's provinces in international perspective</subfield></datafield><datafield ind1=" " ind2="1" tag="264"><subfield code="a">Toronto :</subfield><subfield code="b">University of Toronto Press,</subfield><subfield code="c">[2015]</subfield></datafield><datafield ind1=" " ind2="4" tag="264"><subfield code="c">&#169;2015</subfield></datafield><datafield ind1=" " ind2=" " tag="300"><subfield code="a">xxxvii, 479 pages :</subfield><subfield code="b">illustrations ;</subfield><subfield code="c">23 cm.</subfield></datafield><datafield ind1=" " ind2=" " tag="336"><subfield code="a">text</subfield><subfield code="b">txt</subfield><subfield code="2">rdacontent</subfield></datafield><datafield ind1=" " ind2=" " tag="337"><subfield code="a">unmediated</subfield><subfield code="b">n</subfield><subfield code="2">rdamedia</subfield></datafield><datafield ind1=" " ind2=" " tag="338"><subfield code="a">volume</subfield><subfield code="b">nc</subfield><subfield code="2">rdacarrier</subfield></datafield><datafield ind1="1" ind2=" " tag="490"><subfield code="a">The Johnson-Shoyama series on public policy</subfield></datafield><datafield ind1=" " ind2=" " tag="504"><subfield code="a">Includes bibliographical references and index.</subfield></datafield><datafield ind1=" " ind2=" " tag="596"><subfield code="a">16 28 35 43</subfield></datafield><datafield ind1=" " ind2="0" tag="650"><subfield code="a">Medical care, Cost of</subfield><subfield code="z">Canada.</subfield></datafield><datafield ind1=" " ind2="0" tag="650"><subfield code="a">Medical care</subfield><subfield code="z">Canada</subfield><subfield code="x">Cost control.</subfield></datafield><datafield ind1=" " ind2="0" tag="650"><subfield code="a">Medical care</subfield><subfield code="z">Canada</subfield><subfield code="x">Finance.</subfield></datafield><datafield ind1=" " ind2="0" tag="650"><subfield code="a">Medical policy</subfield><subfield code="z">Canada.</subfield></datafield><datafield ind1=" " ind2="0" tag="650"><subfield code="a">Medical care</subfield><subfield code="x">Cost control</subfield><subfield code="v">Case studies.</subfield></datafield><datafield ind1="1" ind2=" " tag="700"><subfield code="a">Di Matteo, Livio,</subfield><subfield code="e">author,</subfield><subfield code="e">editor.</subfield></datafield><datafield ind1="1" ind2=" " tag="700"><subfield code="a">Marchildon, Gregory P.,</subfield><subfield code="d">1956-</subfield><subfield code="e">author,</subfield><subfield code="e">editor.</subfield></datafield><datafield ind1=" " ind2="0" tag="830"><subfield code="a">Johnson-Shoyama series on public policy.</subfield></datafield><datafield ind1=" " ind2=" " tag="949"><subfield code="a">RA 410.55 C2 B46 2015</subfield><subfield code="c">1</subfield><subfield code="h">UAAU-B</subfield><subfield code="i">0162035233145</subfield></datafield><datafield ind1=" " ind2=" " tag="926"><subfield code="a">RA 410.55 C2 B46 2015</subfield><subfield code="w">LC</subfield><subfield code="c">1</subfield><subfield code="i">0162035233145</subfield><subfield code="d">1/30/2017</subfield><subfield code="e">1/30/2017</subfield><subfield code="k">CHECKEDOUT</subfield><subfield code="l">ON_SHELF</subfield><subfield code="m">UAAUG</subfield><subfield code="n">2</subfield><subfield code="p">$150.00</subfield><subfield code="r">M</subfield><subfield code="s">Y</subfield><subfield code="t">BOOK</subfield><subfield code="u">2/11/2015</subfield></datafield><datafield ind1=" " ind2=" " tag="926"><subfield code="a">RA 410.55 C2 B46 2015</subfield><subfield code="w">LC</subfield><subfield code="c">1</subfield><subfield code="i">0162035244985</subfield><subfield code="d">2/22/2017</subfield><subfield code="e">1/31/2017</subfield><subfield code="l">ON_SHELF</subfield><subfield code="m">UAHSS</subfield><subfield code="n">4</subfield><subfield code="p">$150.00</subfield><subfield code="r">Y</subfield><subfield code="s">Y</subfield><subfield code="t">BOOK</subfield><subfield code="u">2/26/2015</subfield></datafield><datafield ind1=" " ind2=" " tag="926"><subfield code="a">RA 410.55 C35 B46 2015</subfield><subfield code="w">LC</subfield><subfield code="c">1</subfield><subfield code="i">31847001274817</subfield><subfield code="d">1/5/2016</subfield><subfield code="e">12/7/2015</subfield><subfield code="l">ON_SHELF</subfield><subfield code="m">GPRC_GP</subfield><subfield code="n">5</subfield><subfield code="p">$150.00</subfield><subfield code="r">Y</subfield><subfield code="s">Y</subfield><subfield code="t">BOOK</subfield><subfield code="u">3/17/2015</subfield></datafield><datafield ind1=" " ind2=" " tag="926"><subfield code="a">RA 410.55 C2 B46 2015</subfield><subfield code="w">LC</subfield><subfield code="c">1</subfield><subfield code="i">30125302472013</subfield><subfield code="d">3/3/2017</subfield><subfield code="e">2/6/2017</subfield><subfield code="l">FLOOR_2</subfield><subfield code="m">RED_DEER_C</subfield><subfield code="n">3</subfield><subfield code="r">Y</subfield><subfield code="s">Y</subfield><subfield code="t">BOOK</subfield><subfield code="u">3/10/2016</subfield></datafield></record>